<?xml version="1.0" encoding="UTF-8"?>
<!DOCTYPE html PUBLIC "-//W3C//DTD XHTML 1.0 Transitional//EN"
    "http://www.w3.org/TR/xhtml1/DTD/xhtml1-transitional.dtd">
<html xmlns="http://www.w3.org/1999/xhtml" xml:lang="en" lang="en">
 <head>
  <title>
</title>
<meta http-equiv="Content-Type" content="text/html;charset=utf-8" />
  <meta name='ocr-system' content='tesseract 3.04.00' />
  <meta name='ocr-capabilities' content='ocr_page ocr_carea ocr_par ocr_line ocrx_word'/>
</head>
<body>
  <div class='ocr_page' id='page_1' title='image "./abert_jahn_w_a_mozart_2035.png"; bbox 0 0 1665 2922; ppageno 0'>
   <div class='ocr_carea' id='block_1_1' title="bbox 41 36 814 103">
    <p class='ocr_par' dir='ltr' id='par_1_1' title="bbox 41 36 814 103">
     <span class='ocr_line' id='line_1_1' title="bbox 41 36 814 103; baseline 0.014 -21"><span class='ocrx_word' id='word_1_1' title='bbox 41 36 814 103; x_wconf 50' lang='grc' dir='ltr'>ψ</span> 
     </span>
    </p>
   </div>
   <div class='ocr_carea' id='block_1_2' title="bbox 40 108 809 203">
    <p class='ocr_par' dir='ltr' id='par_1_2' title="bbox 40 108 809 203">
     <span class='ocr_line' id='line_1_2' title="bbox 40 108 490 174; baseline 0.029 -26"><span class='ocrx_word' id='word_1_2' title='bbox 40 108 81 149; x_wconf 73' lang='lat'>954</span> <span class='ocrx_word' id='word_1_3' title='bbox 361 117 456 174; x_wconf 55' lang='lat' dir='ltr'>&amp;eltnae</span> <span class='ocrx_word' id='word_1_4' title='bbox 470 122 490 161; x_wconf 96' lang='lat' dir='ltr'>V</span> 
     </span>
     <span class='ocr_line' id='line_1_3' title="bbox 40 177 809 203; baseline 0.02 -28"><span class='ocrx_word' id='word_1_5' title='bbox 40 177 809 203; x_wconf 53' lang='lat' dir='ltr'>W</span> 
     </span>
    </p>
   </div>
   <div class='ocr_carea' id='block_1_3' title="bbox 192 251 639 381">
    <p class='ocr_par' dir='ltr' id='par_1_3' title="bbox 192 251 639 381">
     <span class='ocr_line' id='line_1_4' title="bbox 404 251 450 296; baseline 0.109 -5"><span class='ocrx_word' id='word_1_6' title='bbox 404 251 450 296; x_wconf 77' lang='lat'><strong>16¹.</strong></span> 
     </span>
     <span class='ocr_line' id='line_1_5' title="bbox 192 323 639 381; baseline 0.02 -19"><span class='ocrx_word' id='word_1_7' title='bbox 192 349 195 355; x_wconf 87' lang='lat'><em>-</em></span> <span class='ocrx_word' id='word_1_8' title='bbox 211 323 343 365; x_wconf 79' lang='lat' dir='ltr'>Offertorium</span> <span class='ocrx_word' id='word_1_9' title='bbox 358 328 397 368; x_wconf 92' lang='lat' dir='ltr'>sub</span> <span class='ocrx_word' id='word_1_10' title='bbox 412 332 509 381; x_wconf 87' lang='lat' dir='ltr'>exposito</span> <span class='ocrx_word' id='word_1_11' title='bbox 523 332 639 373; x_wconf 83' lang='lat' dir='ltr'>venerabili.</span> 
     </span>
    </p>
   </div>
   <div class='ocr_carea' id='block_1_4' title="bbox 34 397 811 1164">
    <p class='ocr_par' dir='ltr' id='par_1_4' title="bbox 36 397 811 516">
     <span class='ocr_line' id='line_1_6' title="bbox 79 397 811 460; baseline 0.011 -24"><span class='ocrx_word' id='word_1_12' title='bbox 79 397 125 437; x_wconf 81' lang='lat' dir='ltr'>Rec.</span> <span class='ocrx_word' id='word_1_13' title='bbox 143 399 291 441; x_wconf 83' lang='lat' dir='ltr'>Converten&#39;tur</span> <span class='ocrx_word' id='word_1_14' title='bbox 310 402 406 444; x_wconf 88' lang='lat' dir='ltr'>sedentes</span> <span class='ocrx_word' id='word_1_15' title='bbox 424 406 444 444; x_wconf 93' lang='lat' dir='ltr'>in</span> <span class='ocrx_word' id='word_1_16' title='bbox 463 407 535 447; x_wconf 86' lang='lat' dir='ltr'>umbra</span> <span class='ocrx_word' id='word_1_17' title='bbox 553 410 603 460; x_wconf 91' lang='lat' dir='ltr'>eius,</span> <span class='ocrx_word' id='word_1_18' title='bbox 621 409 689 448; x_wconf 81' lang='lat' dir='ltr'>vivent</span> <span class='ocrx_word' id='word_1_19' title='bbox 707 401 774 441; x_wconf 83' lang='lat' dir='ltr'><strong>tritico</strong></span> <span class='ocrx_word' id='word_1_20' title='bbox 791 408 811 444; x_wconf 89' lang='lat' dir='ltr'>et</span> 
     </span>
     <span class='ocr_line' id='line_1_7' title="bbox 36 464 762 516; baseline 0.015 -15"><span class='ocrx_word' id='word_1_21' title='bbox 36 464 182 514; x_wconf 83' lang='lat' dir='ltr'>germinabunt</span> <span class='ocrx_word' id='word_1_22' title='bbox 196 467 253 516; x_wconf 85' lang='lat' dir='ltr'>quasi</span> <span class='ocrx_word' id='word_1_23' title='bbox 268 468 327 507; x_wconf 87' lang='lat' dir='ltr'>vinea</span> <span class='ocrx_word' id='word_1_24' title='bbox 342 470 462 511; x_wconf 86' lang='lat' dir='ltr'>memoriale</span> <span class='ocrx_word' id='word_1_25' title='bbox 477 473 519 511; x_wconf 90' lang='lat' dir='ltr'>eius</span> <span class='ocrx_word' id='word_1_26' title='bbox 534 474 586 513; x_wconf 92' lang='lat' dir='ltr'>sicut</span> <span class='ocrx_word' id='word_1_27' title='bbox 599 475 669 513; x_wconf 90' lang='lat' dir='ltr'>vinum</span> <span class='ocrx_word' id='word_1_28' title='bbox 683 467 762 508; x_wconf 67' lang='lat' dir='ltr'>Libani-</span> 
     </span>
    </p>

    <p class='ocr_par' dir='ltr' id='par_1_5' title="bbox 34 529 809 1049">
     <span class='ocr_line' id='line_1_8' title="bbox 77 529 809 590; baseline 0.012 -23"><span class='ocrx_word' id='word_1_29' title='bbox 77 529 157 569; x_wconf 72' lang='lat' dir='ltr'>Ducite.</span> <span class='ocrx_word' id='word_1_30' title='bbox 173 530 202 570; x_wconf 86' lang='lat' dir='ltr'>Ut</span> <span class='ocrx_word' id='word_1_31' title='bbox 217 543 289 570; x_wconf 87' lang='lat' dir='ltr'>cervus</span> <span class='ocrx_word' id='word_1_32' title='bbox 304 545 341 583; x_wconf 88' lang='lat' dir='ltr'>per</span> <span class='ocrx_word' id='word_1_33' title='bbox 355 535 409 586; x_wconf 84' lang='lat' dir='ltr'>iuga,</span> <span class='ocrx_word' id='word_1_34' title='bbox 425 549 462 587; x_wconf 90' lang='lat' dir='ltr'>per</span> <span class='ocrx_word' id='word_1_35' title='bbox 476 537 538 576; x_wconf 86' lang='lat' dir='ltr'>saltus</span> <span class='ocrx_word' id='word_1_36' title='bbox 553 543 574 578; x_wconf 89' lang='lat' dir='ltr'>et</span> <span class='ocrx_word' id='word_1_37' title='bbox 583 550 668 590; x_wconf 89' lang='lat' dir='ltr'>asperos</span> <span class='ocrx_word' id='word_1_38' title='bbox 678 533 746 585; x_wconf 90' lang='lat' dir='ltr'>calles,</span> <span class='ocrx_word' id='word_1_39' title='bbox 762 534 809 576; x_wconf 92' lang='lat' dir='ltr'>dum</span> 
     </span>
     <span class='ocr_line' id='line_1_9' title="bbox 36 596 809 654; baseline 0.012 -21"><span class='ocrx_word' id='word_1_40' title='bbox 36 596 78 634; x_wconf 91' lang='lat' dir='ltr'>sitis</span> <span class='ocrx_word' id='word_1_41' title='bbox 93 597 156 647; x_wconf 87' lang='lat' dir='ltr'>agitat</span> <span class='ocrx_word' id='word_1_42' title='bbox 170 596 195 635; x_wconf 88' lang='lat' dir='ltr'>ad</span> <span class='ocrx_word' id='word_1_43' title='bbox 211 596 325 650; x_wconf 77' lang='lat' dir='ltr'>lympham,</span> <span class='ocrx_word' id='word_1_44' title='bbox 340 607 438 652; x_wconf 87' lang='lat' dir='ltr'>properat</span> <span class='ocrx_word' id='word_1_45' title='bbox 452 602 520 642; x_wconf 88' lang='lat' dir='ltr'>donec</span> <span class='ocrx_word' id='word_1_46' title='bbox 533 605 621 643; x_wconf 87' lang='lat' dir='ltr'>inveniat</span> <span class='ocrx_word' id='word_1_47' title='bbox 635 600 730 641; x_wconf 90' lang='lat' dir='ltr'>umbram</span> <span class='ocrx_word' id='word_1_48' title='bbox 740 609 809 654; x_wconf 84' lang='lat' dir='ltr'>tegen-</span> 
     </span>
     <span class='ocr_line' id='line_1_10' title="bbox 35 662 808 720; baseline 0.013 -21"><span class='ocrx_word' id='word_1_49' title='bbox 35 666 83 713; x_wconf 89' lang='lat' dir='ltr'>tem,</span> <span class='ocrx_word' id='word_1_50' title='bbox 99 662 177 700; x_wconf 85' lang='lat' dir='ltr'>fontem</span> <span class='ocrx_word' id='word_1_51' title='bbox 192 668 323 714; x_wconf 84' lang='lat' dir='ltr'>strepentem,</span> <span class='ocrx_word' id='word_1_52' title='bbox 339 670 361 704; x_wconf 89' lang='lat' dir='ltr'>ut</span> <span class='ocrx_word' id='word_1_53' title='bbox 375 672 453 706; x_wconf 89' lang='lat' dir='ltr'>recreet</span> <span class='ocrx_word' id='word_1_54' title='bbox 467 680 498 717; x_wconf 85' lang='lat' dir='ltr'>se;</span> <span class='ocrx_word' id='word_1_55' title='bbox 514 674 536 707; x_wconf 92' lang='lat' dir='ltr'>ut</span> <span class='ocrx_word' id='word_1_56' title='bbox 550 675 620 720; x_wconf 87' lang='lat' dir='ltr'>pastor</span> <span class='ocrx_word' id='word_1_57' title='bbox 634 669 655 706; x_wconf 90' lang='lat' dir='ltr'>in</span> <span class='ocrx_word' id='word_1_58' title='bbox 669 666 732 706; x_wconf 89' lang='lat' dir='ltr'>corde</span> <span class='ocrx_word' id='word_1_59' title='bbox 746 668 808 709; x_wconf 88' lang='lat' dir='ltr'>trista-</span> 
     </span>
     <span class='ocr_line' id='line_1_11' title="bbox 35 730 807 787; baseline 0.013 -22"><span class='ocrx_word' id='word_1_60' title='bbox 35 731 72 778; x_wconf 89' lang='lat' dir='ltr'>tur,</span> <span class='ocrx_word' id='word_1_61' title='bbox 87 740 124 778; x_wconf 91' lang='lat' dir='ltr'>per</span> <span class='ocrx_word' id='word_1_62' title='bbox 139 741 200 779; x_wconf 91' lang='lat' dir='ltr'>rupes</span> <span class='ocrx_word' id='word_1_63' title='bbox 214 734 306 780; x_wconf 87' lang='lat' dir='ltr'>vagatur,</span> <span class='ocrx_word' id='word_1_64' title='bbox 322 730 371 769; x_wconf 91' lang='lat' dir='ltr'>dum</span> <span class='ocrx_word' id='word_1_65' title='bbox 386 734 471 783; x_wconf 86' lang='lat' dir='ltr'>quaerit,</span> <span class='ocrx_word' id='word_1_66' title='bbox 490 733 586 773; x_wconf 88' lang='lat' dir='ltr'>inclamat</span> <span class='ocrx_word' id='word_1_67' title='bbox 600 733 707 784; x_wconf 80' lang='lat' dir='ltr'>perditam,</span> <span class='ocrx_word' id='word_1_68' title='bbox 723 733 807 787; x_wconf 86' lang='lat' dir='ltr'>deviam,</span> 
     </span>
     <span class='ocr_line' id='line_1_12' title="bbox 35 792 807 850; baseline 0.013 -20"><span class='ocrx_word' id='word_1_69' title='bbox 35 792 117 831; x_wconf 87' lang='lat' dir='ltr'>charam</span> <span class='ocrx_word' id='word_1_70' title='bbox 132 794 239 844; x_wconf 85' lang='lat' dir='ltr'>oviculam,</span> <span class='ocrx_word' id='word_1_71' title='bbox 255 807 337 847; x_wconf 84' lang='lat' dir='ltr'>vagam,</span> <span class='ocrx_word' id='word_1_72' title='bbox 352 796 455 836; x_wconf 85' lang='lat' dir='ltr'>balantem</span> <span class='ocrx_word' id='word_1_73' title='bbox 470 800 538 843; x_wconf 84' lang='lat' dir='ltr'>antris,</span> <span class='ocrx_word' id='word_1_74' title='bbox 553 804 661 850; x_wconf 83' lang='lat' dir='ltr'>errantem,</span> <span class='ocrx_word' id='word_1_75' title='bbox 676 803 698 837; x_wconf 93' lang='lat' dir='ltr'>ut</span> <span class='ocrx_word' id='word_1_76' title='bbox 708 798 774 840; x_wconf 81' lang='lat' dir='ltr'>trahat</span> <span class='ocrx_word' id='word_1_77' title='bbox 782 801 807 841; x_wconf 92' lang='lat' dir='ltr'>ad</span> 
     </span>
     <span class='ocr_line' id='line_1_13' title="bbox 34 860 806 918; baseline 0.013 -23"><span class='ocrx_word' id='word_1_78' title='bbox 34 870 65 906; x_wconf 81' lang='lat' dir='ltr'>se3</span> <span class='ocrx_word' id='word_1_79' title='bbox 87 860 117 897; x_wconf 94' lang='lat' dir='ltr'>sic</span> <span class='ocrx_word' id='word_1_80' title='bbox 135 864 207 909; x_wconf 86' lang='lat' dir='ltr'>pectus</span> <span class='ocrx_word' id='word_1_81' title='bbox 226 860 298 899; x_wconf 90' lang='lat' dir='ltr'>ardore</span> <span class='ocrx_word' id='word_1_82' title='bbox 317 861 400 901; x_wconf 79' lang='lat' dir='ltr'>calescit</span> <span class='ocrx_word' id='word_1_83' title='bbox 418 868 439 901; x_wconf 82' lang='lat' dir='ltr'>et</span> <span class='ocrx_word' id='word_1_84' title='bbox 453 863 598 902; x_wconf 90' lang='lat' dir='ltr'>eucharisticas</span> <span class='ocrx_word' id='word_1_85' title='bbox 612 863 678 904; x_wconf 87' lang='lat' dir='ltr'>tendit</span> <span class='ocrx_word' id='word_1_86' title='bbox 692 864 717 904; x_wconf 86' lang='lat' dir='ltr'>ad</span> <span class='ocrx_word' id='word_1_87' title='bbox 731 866 806 918; x_wconf 85' lang='lat' dir='ltr'>epulas,</span> 
     </span>
     <span class='ocr_line' id='line_1_14' title="bbox 34 927 806 982; baseline 0.013 -20"><span class='ocrx_word' id='word_1_88' title='bbox 34 929 55 962; x_wconf 91' lang='lat' dir='ltr'>ut</span> <span class='ocrx_word' id='word_1_89' title='bbox 70 936 124 963; x_wconf 82' lang='lat' dir='ltr'>nova</span> <span class='ocrx_word' id='word_1_90' title='bbox 138 930 207 964; x_wconf 88' lang='lat' dir='ltr'>mente</span> <span class='ocrx_word' id='word_1_91' title='bbox 222 927 337 966; x_wconf 89' lang='lat' dir='ltr'>consolidet</span> <span class='ocrx_word' id='word_1_92' title='bbox 351 939 396 979; x_wconf 88' lang='lat' dir='ltr'>spc;</span> <span class='ocrx_word' id='word_1_93' title='bbox 413 929 442 967; x_wconf 87' lang='lat' dir='ltr'>sic</span> <span class='ocrx_word' id='word_1_94' title='bbox 452 928 511 978; x_wconf 87' lang='lat' dir='ltr'>Jesus</span> <span class='ocrx_word' id='word_1_95' title='bbox 525 942 596 968; x_wconf 91' lang='lat' dir='ltr'>amore</span> <span class='ocrx_word' id='word_1_96' title='bbox 611 929 725 982; x_wconf 82' lang='lat' dir='ltr'>languescit</span> <span class='ocrx_word' id='word_1_97' title='bbox 739 937 759 971; x_wconf 92' lang='lat' dir='ltr'>et</span> <span class='ocrx_word' id='word_1_98' title='bbox 772 945 806 972; x_wconf 89' lang='lat' dir='ltr'>va-</span> 
     </span>
     <span class='ocr_line' id='line_1_15' title="bbox 34 992 755 1049; baseline 0.014 -22"><span class='ocrx_word' id='word_1_99' title='bbox 34 1002 88 1041; x_wconf 87' lang='lat' dir='ltr'>garn,</span> <span class='ocrx_word' id='word_1_100' title='bbox 104 992 185 1029; x_wconf 79' lang='lat' dir='ltr'>amriam</span> <span class='ocrx_word' id='word_1_101' title='bbox 200 992 270 1032; x_wconf 89' lang='lat' dir='ltr'>invitat</span> <span class='ocrx_word' id='word_1_102' title='bbox 285 994 380 1044; x_wconf 81' lang='lat' dir='ltr'>animam,</span> <span class='ocrx_word' id='word_1_103' title='bbox 396 999 418 1033; x_wconf 92' lang='lat' dir='ltr'>ut</span> <span class='ocrx_word' id='word_1_104' title='bbox 433 1000 570 1035; x_wconf 83' lang='lat' dir='ltr'>revertentem</span> <span class='ocrx_word' id='word_1_105' title='bbox 585 996 700 1037; x_wconf 90' lang='lat' dir='ltr'>consolidet</span> <span class='ocrx_word' id='word_1_106' title='bbox 713 1010 755 1049; x_wconf 91' lang='lat' dir='ltr'>spe.</span> 
     </span>
    </p>

    <p class='ocr_par' dir='ltr' id='par_1_6' title="bbox 34 1056 804 1164">
     <span class='ocr_line' id='line_1_16' title="bbox 76 1056 804 1115; baseline 0.012 -21"><span class='ocrx_word' id='word_1_107' title='bbox 76 1056 121 1094; x_wconf 76' lang='lat' dir='ltr'>Rec.</span> <span class='ocrx_word' id='word_1_108' title='bbox 137 1056 255 1097; x_wconf 85' lang='lat' dir='ltr'>Benedicite</span> <span class='ocrx_word' id='word_1_109' title='bbox 271 1060 388 1099; x_wconf 87' lang='lat' dir='ltr'>sacerdotes</span> <span class='ocrx_word' id='word_1_110' title='bbox 400 1061 484 1099; x_wconf 90' lang='lat' dir='ltr'>Domini</span> <span class='ocrx_word' id='word_1_111' title='bbox 495 1061 592 1112; x_wconf 87' lang='lat' dir='ltr'>Domino,</span> <span class='ocrx_word' id='word_1_112' title='bbox 608 1062 688 1102; x_wconf 91' lang='lat' dir='ltr'>laudate</span> <span class='ocrx_word' id='word_1_113' title='bbox 703 1068 723 1102; x_wconf 88' lang='lat' dir='ltr'>et</span> <span class='ocrx_word' id='word_1_114' title='bbox 736 1076 804 1115; x_wconf 88' lang='lat' dir='ltr'>super·</span> 
     </span>
     <span class='ocr_line' id='line_1_17' title="bbox 34 1120 321 1164; baseline 0.017 -5"><span class='ocrx_word' id='word_1_115' title='bbox 34 1120 123 1161; x_wconf 80' lang='lat' dir='ltr'>exaltate</span> <span class='ocrx_word' id='word_1_116' title='bbox 138 1134 185 1161; x_wconf 91' lang='lat' dir='ltr'>eum</span> <span class='ocrx_word' id='word_1_117' title='bbox 200 1124 220 1162; x_wconf 93' lang='lat' dir='ltr'>in</span> <span class='ocrx_word' id='word_1_118' title='bbox 235 1125 321 1164; x_wconf 87' lang='lat' dir='ltr'>saecula.</span> 
     </span>
    </p>
   </div>
   <div class='ocr_carea' id='block_1_5' title="bbox 34 1197 802 1294">
    <p class='ocr_par' dir='ltr' id='par_1_7' title="bbox 34 1197 802 1294">
     <span class='ocr_line' id='line_1_18' title="bbox 34 1197 802 1257; baseline 0.013 -21"><span class='ocrx_word' id='word_1_119' title='bbox 34 1197 103 1250; x_wconf 57' lang='grc' dir='ltr'>(ῶνα.)</span> <span class='ocrx_word' id='word_1_120' title='bbox 118 1201 229 1239; x_wconf 85' lang='lat' dir='ltr'>Benedicite</span> <span class='ocrx_word' id='word_1_121' title='bbox 243 1204 304 1251; x_wconf 86' lang='lat' dir='ltr'>angeli</span> <span class='ocrx_word' id='word_1_122' title='bbox 320 1205 393 1242; x_wconf 85' lang='lat' dir='ltr'>domini</span> <span class='ocrx_word' id='word_1_123' title='bbox 404 1206 490 1254; x_wconf 89' lang='lat' dir='ltr'>domino,</span> <span class='ocrx_word' id='word_1_124' title='bbox 501 1207 577 1244; x_wconf 87' lang='lat' dir='ltr'>laudate</span> <span class='ocrx_word' id='word_1_125' title='bbox 588 1215 607 1244; x_wconf 91' lang='lat' dir='ltr'>et</span> <span class='ocrx_word' id='word_1_126' title='bbox 616 1209 751 1257; x_wconf 81' lang='lat' dir='ltr'>superexaltate</span> <span class='ocrx_word' id='word_1_127' title='bbox 761 1220 802 1247; x_wconf 88' lang='lat' dir='ltr'>eum</span> 
     </span>
     <span class='ocr_line' id='line_1_19' title="bbox 146 1256 264 1294; baseline 0.017 -2"><span class='ocrx_word' id='word_1_128' title='bbox 146 1256 165 1292; x_wconf 91' lang='lat' dir='ltr'>in</span> <span class='ocrx_word' id='word_1_129' title='bbox 180 1256 264 1294; x_wconf 83' lang='lat' dir='ltr'>saecula!</span> 
     </span>
    </p>
   </div>
   <div class='ocr_carea' id='block_1_6' title="bbox 114 1311 802 1512">
    <p class='ocr_par' dir='ltr' id='par_1_8' title="bbox 114 1311 793 1365">
     <span class='ocr_line' id='line_1_20' title="bbox 114 1311 793 1365; baseline 0.015 -19"><span class='ocrx_word' id='word_1_130' title='bbox 114 1311 227 1348; x_wconf 87' lang='lat' dir='ltr'>Benedicite</span> <span class='ocrx_word' id='word_1_131' title='bbox 242 1313 290 1349; x_wconf 90' lang='lat' dir='ltr'>coeli</span> <span class='ocrx_word' id='word_1_132' title='bbox 306 1314 391 1363; x_wconf 89' lang='lat' dir='ltr'>domino,</span> <span class='ocrx_word' id='word_1_133' title='bbox 405 1315 482 1352; x_wconf 87' lang='lat' dir='ltr'>laudate</span> <span class='ocrx_word' id='word_1_134' title='bbox 497 1337 523 1343; x_wconf 91' lang='lat'>—</span> <span class='ocrx_word' id='word_1_135' title='bbox 538 1315 557 1353; x_wconf 91' lang='lat' dir='ltr'>in</span> <span class='ocrx_word' id='word_1_136' title='bbox 572 1316 657 1355; x_wconf 81' lang='lat' dir='ltr'>saecula!</span> <span class='ocrx_word' id='word_1_137' title='bbox 791 1360 793 1365; x_wconf 85' lang='lat'><em>.</em></span> 
     </span>
    </p>

    <p class='ocr_par' dir='ltr' id='par_1_9' title="bbox 114 1366 795 1417">
     <span class='ocr_line' id='line_1_21' title="bbox 114 1366 795 1417; baseline 0.016 -17"><span class='ocrx_word' id='word_1_138' title='bbox 114 1366 226 1403; x_wconf 85' lang='lat' dir='ltr'>Benedicite</span> <span class='ocrx_word' id='word_1_139' title='bbox 240 1368 289 1405; x_wconf 81' lang='lat' dir='ltr'>servi</span> <span class='ocrx_word' id='word_1_140' title='bbox 303 1369 376 1406; x_wconf 92' lang='lat' dir='ltr'>domini</span> <span class='ocrx_word' id='word_1_141' title='bbox 392 1369 476 1417; x_wconf 88' lang='lat' dir='ltr'>domino,</span> <span class='ocrx_word' id='word_1_142' title='bbox 492 1371 569 1408; x_wconf 86' lang='lat' dir='ltr'>laudate</span> <span class='ocrx_word' id='word_1_143' title='bbox 583 1392 609 1397; x_wconf 92' lang='lat'>—</span> <span class='ocrx_word' id='word_1_144' title='bbox 624 1373 644 1409; x_wconf 90' lang='lat' dir='ltr'>in</span> <span class='ocrx_word' id='word_1_145' title='bbox 659 1371 743 1411; x_wconf 83' lang='lat' dir='ltr'>saecula!</span> <span class='ocrx_word' id='word_1_146' title='bbox 794 1371 795 1375; x_wconf 39' lang='lat'>¹</span> 
     </span>
    </p>

    <p class='ocr_par' dir='ltr' id='par_1_10' title="bbox 115 1420 802 1512">
     <span class='ocr_line' id='line_1_22' title="bbox 115 1420 802 1478; baseline 0.017 -23"><span class='ocrx_word' id='word_1_147' title='bbox 115 1420 226 1457; x_wconf 85' lang='lat' dir='ltr'>Benedicite</span> <span class='ocrx_word' id='word_1_148' title='bbox 240 1422 316 1471; x_wconf 84' lang='lat' dir='ltr'>spiritus</span> <span class='ocrx_word' id='word_1_149' title='bbox 331 1430 350 1460; x_wconf 85' lang='lat' dir='ltr'>et</span> <span class='ocrx_word' id='word_1_150' title='bbox 364 1424 440 1461; x_wconf 79' lang='lat' dir='ltr'>animae</span> <span class='ocrx_word' id='word_1_151' title='bbox 454 1425 547 1463; x_wconf 87' lang='lat' dir='ltr'>iustorum</span> <span class='ocrx_word' id='word_1_152' title='bbox 562 1427 648 1478; x_wconf 87' lang='lat' dir='ltr'>domino,</span> <span class='ocrx_word' id='word_1_153' title='bbox 663 1429 739 1466; x_wconf 89' lang='lat' dir='ltr'>laudate</span> <span class='ocrx_word' id='word_1_154' title='bbox 749 1449 773 1456; x_wconf 98' lang='lat'><em>-</em></span> <span class='ocrx_word' id='word_1_155' title='bbox 783 1428 802 1466; x_wconf 93' lang='lat' dir='ltr'>in</span> 
     </span>
     <span class='ocr_line' id='line_1_23' title="bbox 147 1475 230 1512; baseline 0.012 -1"><span class='ocrx_word' id='word_1_156' title='bbox 147 1475 230 1512; x_wconf 88' lang='lat' dir='ltr'>saecula!</span> 
     </span>
    </p>
   </div>
   <div class='ocr_carea' id='block_1_7' title="bbox 115 1530 801 1621">
    <p class='ocr_par' dir='ltr' id='par_1_11' title="bbox 115 1530 801 1621">
     <span class='ocr_line' id='line_1_24' title="bbox 115 1530 801 1585; baseline 0.013 -20"><span class='ocrx_word' id='word_1_157' title='bbox 115 1530 226 1567; x_wconf 89' lang='lat' dir='ltr'>Benedicite</span> <span class='ocrx_word' id='word_1_158' title='bbox 246 1532 306 1569; x_wconf 87' lang='lat' dir='ltr'>sancti</span> <span class='ocrx_word' id='word_1_159' title='bbox 327 1540 346 1569; x_wconf 93' lang='lat' dir='ltr'>et</span> <span class='ocrx_word' id='word_1_160' title='bbox 362 1534 443 1572; x_wconf 88' lang='lat' dir='ltr'>humiles</span> <span class='ocrx_word' id='word_1_161' title='bbox 462 1536 520 1573; x_wconf 86' lang='lat' dir='ltr'>corde</span> <span class='ocrx_word' id='word_1_162' title='bbox 540 1537 626 1585; x_wconf 89' lang='lat' dir='ltr'>domino,</span> <span class='ocrx_word' id='word_1_163' title='bbox 644 1538 721 1576; x_wconf 85' lang='lat' dir='ltr'>laudate</span> <span class='ocrx_word' id='word_1_164' title='bbox 739 1559 766 1565; x_wconf 94' lang='lat'><em>-</em></span> <span class='ocrx_word' id='word_1_165' title='bbox 783 1538 801 1574; x_wconf 88' lang='lat' dir='ltr'>in</span> 
     </span>
     <span class='ocr_line' id='line_1_25' title="bbox 147 1584 230 1621; baseline 0.012 -1"><span class='ocrx_word' id='word_1_166' title='bbox 147 1584 230 1621; x_wconf 80' lang='lat' dir='ltr'>saecula!</span> 
     </span>
    </p>
   </div>
   <div class='ocr_carea' id='block_1_8' title="bbox 116 1639 801 1744">
    <p class='ocr_par' dir='ltr' id='par_1_12' title="bbox 116 1639 801 1744">
     <span class='ocr_line' id='line_1_26' title="bbox 116 1639 801 1696; baseline 0.013 -22"><span class='ocrx_word' id='word_1_167' title='bbox 116 1639 226 1676; x_wconf 81' lang='lat' dir='ltr'>Benedicite</span> <span class='ocrx_word' id='word_1_168' title='bbox 244 1653 311 1678; x_wconf 89' lang='lat' dir='ltr'>omnes</span> <span class='ocrx_word' id='word_1_169' title='bbox 327 1642 410 1690; x_wconf 85' lang='lat' dir='ltr'>religiosi</span> <span class='ocrx_word' id='word_1_170' title='bbox 428 1644 507 1681; x_wconf 85' lang='lat' dir='ltr'>domino</span> <span class='ocrx_word' id='word_1_171' title='bbox 526 1647 568 1683; x_wconf 90' lang='lat' dir='ltr'>Deo</span> <span class='ocrx_word' id='word_1_172' title='bbox 583 1647 674 1696; x_wconf 88' lang='lat' dir='ltr'>Deorum,</span> <span class='ocrx_word' id='word_1_173' title='bbox 692 1647 767 1685; x_wconf 81' lang='lat' dir='ltr'>laudate</span> <span class='ocrx_word' id='word_1_174' title='bbox 783 1653 801 1683; x_wconf 86' lang='lat' dir='ltr'>et</span> 
     </span>
     <span class='ocr_line' id='line_1_27' title="bbox 145 1695 765 1744; baseline 0.016 -15"><span class='ocrx_word' id='word_1_175' title='bbox 145 1695 262 1731; x_wconf 87' lang='lat' dir='ltr'>confitemini</span> <span class='ocrx_word' id='word_1_176' title='bbox 277 1696 300 1743; x_wconf 86' lang='lat' dir='ltr'>ei,</span> <span class='ocrx_word' id='word_1_177' title='bbox 316 1697 360 1744; x_wconf 85' lang='lat' dir='ltr'>quia</span> <span class='ocrx_word' id='word_1_178' title='bbox 374 1698 394 1734; x_wconf 93' lang='lat' dir='ltr'>in</span> <span class='ocrx_word' id='word_1_179' title='bbox 409 1699 474 1735; x_wconf 87' lang='lat' dir='ltr'>omnia</span> <span class='ocrx_word' id='word_1_180' title='bbox 488 1701 564 1737; x_wconf 84' lang='lat' dir='ltr'>saecula</span> <span class='ocrx_word' id='word_1_181' title='bbox 578 1701 708 1740; x_wconf 81' lang='lat' dir='ltr'>misericordia</span> <span class='ocrx_word' id='word_1_182' title='bbox 721 1702 765 1739; x_wconf 85' lang='lat' dir='ltr'>eius.</span> 
     </span>
    </p>
   </div>
   <div class='ocr_carea' id='block_1_9' title="bbox 34 1764 799 1884">
    <p class='ocr_par' dir='ltr' id='par_1_13' title="bbox 34 1764 799 1884">
     <span class='ocr_line' id='line_1_28' title="bbox 75 1764 799 1828; baseline 0.014 -25"><span class='ocrx_word' id='word_1_183' title='bbox 75 1764 142 1805; x_wconf 85' lang='lat' dir='ltr'>Gloria</span> <span class='ocrx_word' id='word_1_184' title='bbox 159 1769 211 1818; x_wconf 88' lang='lat' dir='ltr'>patri</span> <span class='ocrx_word' id='word_1_185' title='bbox 230 1774 250 1807; x_wconf 88' lang='lat' dir='ltr'>et</span> <span class='ocrx_word' id='word_1_186' title='bbox 267 1769 308 1809; x_wconf 85' lang='lat' dir='ltr'>filio</span> <span class='ocrx_word' id='word_1_187' title='bbox 327 1776 347 1810; x_wconf 91' lang='lat' dir='ltr'>et</span> <span class='ocrx_word' id='word_1_188' title='bbox 361 1773 438 1822; x_wconf 90' lang='lat' dir='ltr'>spiritui</span> <span class='ocrx_word' id='word_1_189' title='bbox 453 1779 531 1823; x_wconf 86' lang='lat' dir='ltr'>sancto,</span> <span class='ocrx_word' id='word_1_190' title='bbox 547 1775 598 1814; x_wconf 92' lang='lat' dir='ltr'>sicut</span> <span class='ocrx_word' id='word_1_191' title='bbox 613 1781 656 1815; x_wconf 92' lang='lat' dir='ltr'>erat</span> <span class='ocrx_word' id='word_1_192' title='bbox 670 1777 690 1815; x_wconf 90' lang='lat' dir='ltr'>in</span> <span class='ocrx_word' id='word_1_193' title='bbox 704 1776 799 1828; x_wconf 89' lang='lat' dir='ltr'>principio</span> 
     </span>
     <span class='ocr_line' id='line_1_29' title="bbox 34 1835 669 1884; baseline 0.019 -16"><span class='ocrx_word' id='word_1_194' title='bbox 34 1835 53 1868; x_wconf 87' lang='lat' dir='ltr'>et</span> <span class='ocrx_word' id='word_1_195' title='bbox 68 1843 123 1870; x_wconf 89' lang='lat' dir='ltr'>nunc</span> <span class='ocrx_word' id='word_1_196' title='bbox 137 1837 157 1871; x_wconf 92' lang='lat' dir='ltr'>et</span> <span class='ocrx_word' id='word_1_197' title='bbox 171 1845 253 1884; x_wconf 91' lang='lat' dir='ltr'>semper</span> <span class='ocrx_word' id='word_1_198' title='bbox 267 1841 287 1874; x_wconf 93' lang='lat' dir='ltr'>et</span> <span class='ocrx_word' id='word_1_199' title='bbox 301 1837 321 1874; x_wconf 91' lang='lat' dir='ltr'>in</span> <span class='ocrx_word' id='word_1_200' title='bbox 335 1837 417 1876; x_wconf 88' lang='lat' dir='ltr'>saecula</span> <span class='ocrx_word' id='word_1_201' title='bbox 431 1838 565 1877; x_wconf 86' lang='lat' dir='ltr'>saeculorum.</span> <span class='ocrx_word' id='word_1_202' title='bbox 593 1840 669 1881; x_wconf 89' lang='lat' dir='ltr'>Amen.</span> 
     </span>
    </p>
   </div>
   <div class='ocr_carea' id='block_1_10' title="bbox 401 1932 433 1972">
    <p class='ocr_par' dir='ltr' id='par_1_14' title="bbox 401 1932 433 1972">
     <span class='ocr_line' id='line_1_30' title="bbox 401 1932 433 1972; baseline 0 0"><span class='ocrx_word' id='word_1_203' title='bbox 401 1932 433 1972; x_wconf 85' lang='lat'>16.</span> 
     </span>
    </p>
   </div>
   <div class='ocr_carea' id='block_1_11' title="bbox 273 2000 572 2261">
    <p class='ocr_par' dir='ltr' id='par_1_15' title="bbox 275 2000 466 2050">
     <span class='ocr_line' id='line_1_31' title="bbox 275 2000 466 2050; baseline 0.021 -15"><span class='ocrx_word' id='word_1_204' title='bbox 275 2001 368 2048; x_wconf 84' lang='lat' dir='ltr'>Exultate,</span> <span class='ocrx_word' id='word_1_205' title='bbox 383 2000 466 2050; x_wconf 87' lang='lat' dir='ltr'>iubilate,</span> 
     </span>
    </p>

    <p class='ocr_par' dir='ltr' id='par_1_16' title="bbox 273 2054 572 2261">
     <span class='ocr_line' id='line_1_32' title="bbox 275 2054 512 2094; baseline 0.021 -4"><span class='ocrx_word' id='word_1_206' title='bbox 275 2054 292 2090; x_wconf 93' lang='lat'>0</span> <span class='ocrx_word' id='word_1_207' title='bbox 307 2066 342 2091; x_wconf 90' lang='lat' dir='ltr'>vos</span> <span class='ocrx_word' id='word_1_208' title='bbox 356 2055 431 2093; x_wconf 85' lang='lat' dir='ltr'>animae</span> <span class='ocrx_word' id='word_1_209' title='bbox 445 2058 512 2094; x_wconf 85' lang='lat' dir='ltr'>beatae</span> 
     </span>
     <span class='ocr_line' id='line_1_33' title="bbox 274 2109 544 2150; baseline 0.022 -6"><span class='ocrx_word' id='word_1_210' title='bbox 274 2109 343 2145; x_wconf 87' lang='lat' dir='ltr'>Dulcia</span> <span class='ocrx_word' id='word_1_211' title='bbox 357 2110 432 2147; x_wconf 84' lang='lat' dir='ltr'>cantica</span> <span class='ocrx_word' id='word_1_212' title='bbox 446 2111 544 2150; x_wconf 83' lang='lat' dir='ltr'>canendo!</span> 
     </span>
     <span class='ocr_line' id='line_1_34' title="bbox 275 2163 572 2215; baseline 0.027 -17"><span class='ocrx_word' id='word_1_213' title='bbox 275 2163 343 2200; x_wconf 86' lang='lat' dir='ltr'>Cantui</span> <span class='ocrx_word' id='word_1_214' title='bbox 358 2172 421 2202; x_wconf 89' lang='lat' dir='ltr'>vestro</span> <span class='ocrx_word' id='word_1_215' title='bbox 435 2168 572 2215; x_wconf 87' lang='lat' dir='ltr'>respondendo</span> 
     </span>
     <span class='ocr_line' id='line_1_35' title="bbox 273 2218 557 2261; baseline 0.021 -8"><span class='ocrx_word' id='word_1_216' title='bbox 273 2218 356 2255; x_wconf 89' lang='lat' dir='ltr'>Psallant</span> <span class='ocrx_word' id='word_1_217' title='bbox 369 2220 446 2257; x_wconf 85' lang='lat' dir='ltr'>aethera</span> <span class='ocrx_word' id='word_1_218' title='bbox 460 2234 504 2259; x_wconf 87' lang='lat' dir='ltr'>cum</span> <span class='ocrx_word' id='word_1_219' title='bbox 518 2222 557 2261; x_wconf 89' lang='lat' dir='ltr'>mel</span> 
     </span>
    </p>
   </div>
   <div class='ocr_carea' id='block_1_12' title="bbox 31 2286 799 2416">
    <p class='ocr_par' dir='ltr' id='par_1_17' title="bbox 31 2286 799 2416">
     <span class='ocr_line' id='line_1_36' title="bbox 73 2286 797 2352; baseline 0.023 -28"><span class='ocrx_word' id='word_1_220' title='bbox 73 2286 119 2326; x_wconf 81' lang='lat' dir='ltr'>Rec.</span> <span class='ocrx_word' id='word_1_221' title='bbox 141 2287 215 2340; x_wconf 80' lang='lat' dir='ltr'>Fulget</span> <span class='ocrx_word' id='word_1_222' title='bbox 233 2291 299 2329; x_wconf 92' lang='lat' dir='ltr'>amica</span> <span class='ocrx_word' id='word_1_223' title='bbox 316 2292 364 2344; x_wconf 90' lang='lat' dir='ltr'>dies,</span> <span class='ocrx_word' id='word_1_224' title='bbox 387 2295 428 2332; x_wconf 90' lang='lat' dir='ltr'>iam</span> <span class='ocrx_word' id='word_1_225' title='bbox 446 2295 517 2348; x_wconf 82' lang='lat' dir='ltr'>fugere</span> <span class='ocrx_word' id='word_1_226' title='bbox 538 2303 559 2336; x_wconf 91' lang='lat' dir='ltr'>et</span> <span class='ocrx_word' id='word_1_227' title='bbox 573 2299 642 2338; x_wconf 87' lang='lat' dir='ltr'>nubila</span> <span class='ocrx_word' id='word_1_228' title='bbox 655 2305 676 2339; x_wconf 91' lang='lat' dir='ltr'>et</span> <span class='ocrx_word' id='word_1_229' title='bbox 689 2296 797 2352; x_wconf 80' lang='lat' dir='ltr'>procellae;</span> 
     </span>
     <span class='ocr_line' id='line_1_37' title="bbox 31 2355 799 2416; baseline 0.023 -27"><span class='ocrx_word' id='word_1_230' title='bbox 31 2356 113 2391; x_wconf 83' lang='lat' dir='ltr'>exortus</span> <span class='ocrx_word' id='word_1_231' title='bbox 128 2358 160 2392; x_wconf 85' lang='lat' dir='ltr'>est</span> <span class='ocrx_word' id='word_1_232' title='bbox 174 2355 229 2393; x_wconf 89' lang='lat' dir='ltr'>iustis</span> <span class='ocrx_word' id='word_1_233' title='bbox 244 2357 383 2408; x_wconf 84' lang='lat' dir='ltr'>inexspectata</span> <span class='ocrx_word' id='word_1_234' title='bbox 398 2362 462 2410; x_wconf 88' lang='lat' dir='ltr'>quies.</span> <span class='ocrx_word' id='word_1_235' title='bbox 491 2362 588 2415; x_wconf 92' lang='lat' dir='ltr'>Undique</span> <span class='ocrx_word' id='word_1_236' title='bbox 602 2365 690 2405; x_wconf 89' lang='lat' dir='ltr'>obscura</span> <span class='ocrx_word' id='word_1_237' title='bbox 703 2361 799 2416; x_wconf 68' lang='lat' dir='ltr'>regnabat</span> 
     </span>
    </p>
   </div>
   <div class='ocr_carea' id='block_1_13' title="bbox 30 2420 799 2541">
    <p class='ocr_par' dir='ltr' id='par_1_18' title="bbox 30 2420 799 2541">
     <span class='ocr_line' id='line_1_38' title="bbox 30 2420 799 2481; baseline 0.022 -27"><span class='ocrx_word' id='word_1_238' title='bbox 30 2428 78 2466; x_wconf 72' lang='lat' dir='ltr'>noir,</span> <span class='ocrx_word' id='word_1_239' title='bbox 94 2420 169 2470; x_wconf 86' lang='lat' dir='ltr'>surgite</span> <span class='ocrx_word' id='word_1_240' title='bbox 183 2421 267 2461; x_wconf 90' lang='lat' dir='ltr'>tandem</span> <span class='ocrx_word' id='word_1_241' title='bbox 282 2423 333 2474; x_wconf 86' lang='lat' dir='ltr'>laeti,</span> <span class='ocrx_word' id='word_1_242' title='bbox 350 2426 384 2476; x_wconf 92' lang='lat' dir='ltr'>qui</span> <span class='ocrx_word' id='word_1_243' title='bbox 398 2427 492 2466; x_wconf 90' lang='lat' dir='ltr'>timuistis</span> <span class='ocrx_word' id='word_1_244' title='bbox 502 2428 575 2481; x_wconf 88' lang='lat' dir='ltr'>adhuc,</span> <span class='ocrx_word' id='word_1_245' title='bbox 590 2436 611 2470; x_wconf 92' lang='lat' dir='ltr'>et</span> <span class='ocrx_word' id='word_1_246' title='bbox 620 2432 701 2472; x_wconf 89' lang='lat' dir='ltr'>iucundi</span> <span class='ocrx_word' id='word_1_247' title='bbox 710 2430 799 2471; x_wconf 80' lang='lat' dir='ltr'>Aurorae</span> 
     </span>
     <span class='ocr_line' id='line_1_39' title="bbox 30 2481 569 2541; baseline 0.026 -22"><span class='ocrx_word' id='word_1_248' title='bbox 30 2481 143 2523; x_wconf 79' lang='lat' dir='ltr'>fortunatae</span> <span class='ocrx_word' id='word_1_249' title='bbox 158 2485 240 2525; x_wconf 81' lang='lat' dir='ltr'>frondes</span> <span class='ocrx_word' id='word_1_250' title='bbox 255 2488 338 2529; x_wconf 90' lang='lat' dir='ltr'>dextera</span> <span class='ocrx_word' id='word_1_251' title='bbox 352 2490 413 2541; x_wconf 88' lang='lat' dir='ltr'>plena</span> <span class='ocrx_word' id='word_1_252' title='bbox 428 2497 448 2531; x_wconf 91' lang='lat' dir='ltr'>et</span> <span class='ocrx_word' id='word_1_253' title='bbox 462 2492 502 2531; x_wconf 88' lang='lat' dir='ltr'>lilia</span> <span class='ocrx_word' id='word_1_254' title='bbox 516 2493 569 2535; x_wconf 86' lang='lat' dir='ltr'>date.</span> 
     </span>
    </p>
   </div>
   <div class='ocr_carea' id='block_1_14' title="bbox 74 2567 798 2629">
    <p class='ocr_par' dir='ltr' id='par_1_19' title="bbox 74 2567 798 2629">
     <span class='ocr_line' id='line_1_40' title="bbox 74 2567 798 2629; baseline 0.029 -27"><span class='ocrx_word' id='word_1_255' title='bbox 74 2570 80 2592; x_wconf 78' lang='lat'>1</span> <span class='ocrx_word' id='word_1_256' title='bbox 91 2567 154 2604; x_wconf 70' lang='lat' dir='ltr'>mnu</span> <span class='ocrx_word' id='word_1_257' title='bbox 165 2572 181 2611; x_wconf 78' lang='lat'>3,</span> <span class='ocrx_word' id='word_1_258' title='bbox 192 2572 219 2607; x_wconf 75' lang='lat' dir='ltr'>rs.</span> <span class='ocrx_word' id='word_1_259' title='bbox 230 2574 257 2607; x_wconf 81' lang='lat'>59.</span> <span class='ocrx_word' id='word_1_260' title='bbox 269 2575 296 2609; x_wconf 72' lang='lat' dir='ltr'>aa.</span> <span class='ocrx_word' id='word_1_261' title='bbox 307 2576 335 2610; x_wconf 72' lang='lat' dir='ltr'>aa.</span> <span class='ocrx_word' id='word_1_262' title='bbox 346 2577 373 2611; x_wconf 78' lang='lat' dir='ltr'>ar.</span> <span class='ocrx_word' id='word_1_263' title='bbox 384 2578 411 2612; x_wconf 87' lang='lat'>90.</span> <span class='ocrx_word' id='word_1_264' title='bbox 429 2577 451 2613; x_wconf 76' lang='lat' dir='ltr'>a.</span> <span class='ocrx_word' id='word_1_265' title='bbox 460 2579 492 2611; x_wconf 79' lang='lat'>177</span> <span class='ocrx_word' id='word_1_266' title='bbox 500 2578 524 2615; x_wconf 71' lang='lat' dir='ltr'>o.</span> <span class='ocrx_word' id='word_1_267' title='bbox 532 2583 589 2616; x_wconf 81' lang='lat'>11123.</span> <span class='ocrx_word' id='word_1_268' title='bbox 607 2583 655 2628; x_wconf 61' lang='lat' dir='ltr'>zain</span> <span class='ocrx_word' id='word_1_269' title='bbox 664 2585 690 2629; x_wconf 71' lang='lat' dir='ltr'>(tn</span> <span class='ocrx_word' id='word_1_270' title='bbox 698 2585 724 2620; x_wconf 71' lang='lat' dir='ltr'>nr</span> <span class='ocrx_word' id='word_1_271' title='bbox 731 2583 747 2618; x_wconf 75' lang='lat' dir='ltr'>a</span> <span class='ocrx_word' id='word_1_272' title='bbox 754 2579 798 2622; x_wconf 69' lang='lat' dir='ltr'>aut</span> 
     </span>
    </p>
   </div>
   <div class='ocr_carea' id='block_1_15' title="bbox 31 2619 798 2727">
    <p class='ocr_par' dir='ltr' id='par_1_20' title="bbox 31 2619 798 2727">
     <span class='ocr_line' id='line_1_41' title="bbox 31 2619 798 2682; baseline 0.029 -29"><span class='ocrx_word' id='word_1_273' title='bbox 31 2619 104 2665; x_wconf 59' lang='grc'>6659)</span> <span class='ocrx_word' id='word_1_274' title='bbox 122 2623 183 2666; x_wconf 67' lang='lat' dir='ltr'>inuiti</span> <span class='ocrx_word' id='word_1_275' title='bbox 201 2627 239 2662; x_wconf 69' lang='lat' dir='ltr'>tiber</span> <span class='ocrx_word' id='word_1_276' title='bbox 256 2631 285 2663; x_wconf 76' lang='lat' dir='ltr'>orn</span> <span class='ocrx_word' id='word_1_277' title='bbox 303 2629 353 2674; x_wconf 62' lang='lat' dir='ltr'>(ibon</span> <span class='ocrx_word' id='word_1_278' title='bbox 372 2633 462 2675; x_wconf 69' lang='lat' dir='ltr'>,getungen</span> <span class='ocrx_word' id='word_1_279' title='bbox 480 2635 505 2668; x_wconf 77' lang='lat' dir='ltr'>ult</span> <span class='ocrx_word' id='word_1_280' title='bbox 523 2635 635 2674; x_wconf 53' lang='lat' dir='ltr'>communion</span> <span class='ocrx_word' id='word_1_281' title='bbox 653 2639 696 2675; x_wconf 74' lang='lat' dir='ltr'>trin</span> <span class='ocrx_word' id='word_1_282' title='bbox 713 2637 754 2682; x_wconf 66' lang='lat' dir='ltr'>{tete</span> <span class='ocrx_word' id='word_1_283' title='bbox 771 2636 798 2670; x_wconf 65' lang='grc' dir='ltr'><strong><em>Μ</em></strong></span> 
     </span>
     <span class='ocr_line' id='line_1_42' title="bbox 31 2672 373 2727; baseline 0.044 -22"><span class='ocrx_word' id='word_1_284' title='bbox 31 2673 47 2713; x_wconf 82' lang='lat' dir='ltr'>t).</span> <span class='ocrx_word' id='word_1_285' title='bbox 58 2672 130 2717; x_wconf 66' lang='lat' dir='ltr'>midan</span> <span class='ocrx_word' id='word_1_286' title='bbox 142 2680 175 2711; x_wconf 74' lang='lat' dir='ltr'>unt</span> <span class='ocrx_word' id='word_1_287' title='bbox 187 2681 213 2714; x_wconf 73' lang='lat' dir='ltr'>bn</span> <span class='ocrx_word' id='word_1_288' title='bbox 224 2683 239 2721; x_wconf 76' lang='lat' dir='ltr'>h.</span> <span class='ocrx_word' id='word_1_289' title='bbox 252 2682 373 2727; x_wconf 51' lang='lat' dir='ltr'>&amp;mntengdffl</span> 
     </span>
    </p>
   </div>
   <div class='ocr_carea' id='block_1_16' title="bbox 0 0 838 2922">
    <p class='ocr_par' dir='ltr' id='par_1_21' title="bbox 0 0 838 2922">
     <span class='ocr_line' id='line_1_43' title="bbox 0 0 838 2922; baseline 0 1"><span class='ocrx_word' id='word_1_290' title='bbox 0 0 838 2922; x_wconf 95' lang='lat' dir='ltr'> </span> 
     </span>
    </p>
   </div>
  </div>
 </body>
</html>
