1665 2922
211 87 264 134 ¹“cett
278 88 312 126 bet
326 84 491 133 tlitdtenmuiil.
515 85 610 135 licitum
741 76 779 116 947

50 153 779 184 V——ae

73 231 84 270 6
96 224 188 268 Iudicabit
202 224 220 258 in
234 220 354 269 nationibus,
371 220 461 270 implebit
474 221 544 269 ruinas,
562 219 702 268 conquassabit
715 219 779 268 capita

97 295 115 330 in
128 296 176 327 terra
191 285 302 323 multorum.

73 358 83 397 7
97 356 126 394 De
140 354 223 389 torrente
238 349 257 385 in
270 349 301 385 via
315 348 375 396 bibet,
389 352 495 396 propterea
509 345 603 383 exaltabit
616 352 680 395 caput.

97 417 160 456 Gloria
173 414 222 462 patri
237 416 257 449 et
270 411 309 448 filio
324 415 344 448 et
357 411 431 459 spiritui
446 414 520 458 sancto,
535 410 583 446 sicut
597 414 638 447 erat
651 411 671 446 in
684 410 780 459 principio

50 492 67 526 et
79 493 127 522 nunc
141 483 159 515 et
173 486 252 523 semper
266 480 286 511 et
299 475 318 511 in
332 472 410 510 saecula
424 472 553 511 saeculorum.
580 471 652 511 Amen.

299 590 313 626 r>
327 587 392 637 ntum
408 587 446 625 uo
460 586 523 635 [riri.

73 672 84 711 1
97 666 209 709 confitebor
223 665 257 703 tibi
271 664 356 701 Domine
371 664 390 699 in
404 667 446 699 toto
461 661 520 699 corde
534 673 579 699 meo
594 663 613 698 in
627 661 708 699 consilio
722 662 781 698 iusto-

97 744 139 772 rum
152 735 172 768 et
185 728 344 778 congregatione.

73 798 84 837 2
97 797 168 845 Magna
181 803 242 842 opera
255 791 342 838 Domini,
357 790 453 838 exquisita
467 789 486 826 in
501 801 570 826 omnes
583 788 692 826 voluntates
707 789 753 825 eius.

73 860 85 900 3
98 857 198 898 Confessio
215 860 235 893 et
252 853 397 903 magnificentia
411 865 461 901 opus
475 854 523 901 eius,
541 858 560 889 et
576 853 646 889 iustitia
661 852 701 889 eius
715 855 782 889 manet

97 925 117 961 in
130 918 229 959 saeculum
243 916 321 954 saeculi.

73 983 212 1024 4Memoriam
229 981 274 1018 fecit
290 978 405 1016 mirabilium
422 990 501 1016 suorum
519 978 627 1015 misericors
644 983 663 1014 et
680 978 782 1014 miserator

97 1047 198 1093 Dominus,
214 1055 280 1082 escam
295 1042 348 1080 dedit
361 1041 473 1079 timentibus
487 1053 514 1079 se.

73 1110 85 1149 b
98 1110 173 1147 Memor
187 1108 223 1145 erit
236 1108 256 1143 in
269 1104 368 1142 saeculum
382 1105 493 1141 testamenti
506 1104 542 1142 sui.

74 1172 85 1211 6
99 1173 194 1211 Virtutem
208 1181 290 1218 operum
305 1179 384 1205 suorum
398 1167 521 1204 annuntiabit
534 1165 609 1215 populo
623 1177 665 1203 suo.

74 1235 86 1273 7
98 1235 125 1274 Ut
138 1234 171 1271 det
180 1233 216 1270 illis
229 1231 358 1269 hereditatem
372 1230 468 1278 gentium3
483 1241 542 1278 opera
556 1240 649 1265 manuum
662 1229 703 1265 eius
712 1229 782 1265 veritas

99 1303 118 1336 et
126 1297 227 1349 iudicium.

74 1360 85 1398 8
98 1359 171 1398 Fidelia
184 1359 251 1396 omnia
265 1356 356 1394 mandata
370 1356 415 1403 eius,
434 1354 547 1391 confirmata
560 1355 580 1391 in
594 1352 692 1391 saeculum
706 1353 783 1401 saeculi,

99 1424 149 1461 facta
162 1424 182 1459 in
196 1422 276 1459 veritate
291 1425 310 1456 et
324 1419 426 1467 aequitate.

74 1485 85 1525 9
98 1486 263 1535 Redemptionem
272 1484 324 1520 misit
333 1481 407 1531 populo
418 1493 459 1528 su0,
474 1480 573 1517 mandavit
582 1480 601 1516 in
616 1485 715 1517 aeternum
725 1485 785 1517 testa-

99 1554 185 1587 mentum
199 1560 262 1585 suurn.
290 1545 385 1584 Sanctum
399 1549 419 1581 et
433 1543 517 1580 terribile
531 1555 604 1579 nornen
618 1544 664 1581 eius.

63 1611 87 1649 10
99 1613 175 1650 britium
192 1611 298 1660 sapientiae
315 1610 373 1645 timor
386 1607 475 1654 Domini,
492 1605 600 1643 intellectus
614 1606 678 1643 bonus
692 1605 785 1643 omnibus

99 1675 214 1714 facientibus
229 1685 279 1721 eum,
294 1671 378 1709 laudatio
393 1672 433 1707 eius
448 1674 514 1707 manet
527 1670 547 1706 in
560 1669 660 1706 saeculum
674 1668 753 1707 saeculi.

100 1738 164 1776 Gloria
178 1738 227 1786 patri
241 1741 261 1774 et
274 1735 313 1772 filio
328 1740 348 1772 et
361 1734 435 1783 spiritui
449 1738 523 1780 sancto,
537 1732 586 1769 sicut
600 1737 641 1769 erat
654 1733 674 1769 in
687 1732 785 1781 principio

50 1806 68 1838 et
81 1814 131 1839 nunc
146 1807 164 1839 et
178 1812 257 1849 semper
271 1803 290 1836 et
304 1799 323 1835 in
337 1796 415 1835 saecula
429 1795 556 1833 saeculorum.
584 1793 656 1832 Amen.

306 1911 395 1961 clliolm
411 1910 448 1949 111
463 1910 525 1960 [112]⁴

75 1989 85 2026 1
100 1990 172 2028 Beatus
180 1990 214 2037 vir,
229 1989 262 2037 qui
275 1989 330 2025 timet
339 1987 454 2034 Dominum,
469 1987 488 2023 in
501 1985 598 2023 mandatis
611 1986 652 2023 eius
661 1985 714 2023 uolet
723 1986 786 2023 nimis.

75 2051 171 2090 2Potens
187 2053 206 2089 in
222 2052 276 2089 terris
293 2052 328 2088 erit
344 2062 412 2088 semen
429 2051 478 2098 eius,
495 2050 595 2098 generatio
614 2055 713 2086 rectorum
726 2049 787 2086 bene-

101 2117 180 2155 dicetur.

75 2178 87 2217 3
101 2178 167 2217 Gloria
181 2184 201 2216 et
215 2177 289 2215 divitiae
304 2178 324 2215 in
337 2177 398 2215 domo
413 2177 459 2225 eius,
474 2181 494 2214 at
507 2177 578 2213 iustitia
587 2177 627 2213 eius
641 2180 708 2212 manet
717 2175 736 2212 in
745 2188 788 2213 sae-

101 2243 166 2281 culum
179 2241 258 2280 saeculi,

76 2305 88 2343 4
101 2306 197 2344 Exortum
207 2305 265 2342 estin
275 2304 360 2342 tenebris
374 2304 440 2342 lumen
454 2303 517 2351 rectis,
532 2302 642 2339 misericors
655 2307 675 2340 et
687 2304 789 2342 miserator

103 2375 122 2407 et
135 2369 202 2408 iustus.

76 2431 89 2471 5
102 2432 200 2471 Iucundus
209 2431 270 2469 homo
278 2432 311 2482 qui
320 2432 423 2470 miseretur
430 2434 450 2467 et
459 2428 578 2478 commodat,
590 2428 681 2479 disponet
688 2442 791 2471 sermones

102 2508 149 2534 suos
162 2496 182 2534 in
195 2494 272 2534 iudicio.

77 2556 89 2596 6
103 2557 153 2609 Quia
167 2559 187 2596 in
201 2563 302 2597 aeternum
316 2570 356 2595 non
369 2555 533 2595 commovebitur.
