1665 2922
27 20 800 86 Ξ-ξξημξ--ἑ

27 100 68 140 948
350 104 445 158 belluae
459 106 479 146 V

56 238 68 277 7
82 241 105 279 ln
115 242 215 281 memoria
226 248 308 283 aeterna
318 244 354 283 erit
364 244 433 295 iustus,
449 244 476 284 ab
486 245 590 286 auditione
600 245 654 285 mala
663 256 705 284 non
715 240 802 281 timebit.

83 307 178 348 Paratum
193 321 228 349 cor
243 311 291 361 eius,
307 323 388 362 sperare
403 311 424 349 in
438 309 536 352 Domino.

55 370 68 411 8
83 372 232 414 Confirmatum
243 382 274 416 est
284 389 319 416 cor
329 377 377 427 eius,
393 388 436 415 non
445 377 615 429 commovebitur,
626 378 693 417 donec
703 374 802 426 despiciat

84 440 177 481 inimicos
192 455 247 483 suos.

56 504 68 545 9
84 505 195 558 Dispersit,
213 509 269 548 dedit
282 508 414 561 pauperibuS‚
433 509 507 548 iustitia
521 510 563 548 eius
577 515 647 550 manet
661 511 682 549 in
696 506 801 548 saeculum

83 573 164 625 saeculi,
180 587 244 613 cornu
259 575 301 614 eius
316 574 437 614 exaltabitur
451 576 472 614 in
486 574 557 627 gloria.

43 636 69 677 10
84 638 182 679 Peccator
191 641 269 680 videbit
278 646 299 680 et
308 642 412 691 irascetur,
429 640 522 681 dentibus
532 642 572 681 suis
582 641 654 681 sremet
666 646 687 680 et
701 640 799 689 tabescet,

84 704 206 744 desiderium
220 711 352 756 peccatorum
366 706 447 757 peribit.

83 768 152 809 Gloria
166 772 218 821 patri
233 776 253 810 et
267 770 309 810 filio
324 776 343 810 et
358 772 434 822 spiritui
449 776 527 822 sancto,
541 773 593 810 sicut
608 777 651 811 erat
663 771 684 810 in
693 771 799 822 principio,

28 840 49 875 et
63 848 117 874 nunc
132 841 152 875 et
166 848 248 887 semper
263 841 283 875 et
297 836 318 875 in
332 835 412 875 saecula
427 836 562 876 saeculorum.
591 836 666 876 Amen.

298 944 311 983 d
326 943 393 993 ffilolm
409 942 449 983 112
465 942 532 995 [113].

57 1009 67 1049 l
82 1010 174 1050 Laudate
189 1011 247 1061 pueri
260 1009 380 1060 Dominum,
396 1010 476 1049 laudate
490 1023 567 1049 nomen
581 1010 671 1050 Domini.

56 1076 68 1115 2
83 1075 113 1116 Sit
128 1088 205 1115 nomen
215 1075 300 1115 Domini
314 1076 446 1115 benedictum
461 1089 488 1115 ex
502 1075 543 1115 hoc
557 1089 612 1116 nunc
621 1082 642 1115 et
651 1089 716 1127 usque
726 1077 746 1116 in
755 1089 799 1117 sae-

84 1142 159 1182 culum.

56 1205 69 1245 3
84 1207 104 1246 Α
118 1207 167 1247 solis
181 1212 227 1246 ortu
241 1220 305 1257 usque
320 1207 346 1246 ad
361 1220 458 1246 occasum
473 1206 573 1246 laudabile
588 1220 664 1246 nomen
679 1207 768 1248 Domini.

56 1272 69 1311 4
84 1272 184 1312 Excelsus
198 1285 259 1324 super
273 1285 345 1312 omnes
360 1277 433 1324 gentes
444 1273 545 1312 Dominus
555 1277 575 1312 et
585 1285 646 1324 super
656 1273 725 1313 coelos
734 1273 797 1325 gloria

84 1339 132 1378 eius.

57 1402 69 1442 5
84 1403 136 1454 Quis
150 1404 202 1443 sicut
215 1403 317 1442 Dominus
332 1404 389 1442 Deus
404 1408 479 1454 noster,
494 1404 563 1454 quiin
579 1403 622 1443 altis
637 1403 721 1455 habitat,

57 1469 70 1508 6
84 1470 111 1509 Et
124 1470 207 1509 humilia
221 1471 302 1521 respicit
316 1471 337 1508 in
351 1469 410 1509 coelo
425 1475 445 1509 et
459 1471 479 1508 in
493 1469 562 1509 terrai

57 1535 69 1574 7
84 1533 189 1575 Suscitans
203 1548 215 1574 a
229 1541 282 1574 terra
298 1536 382 1586 inopem
400 1540 421 1574 et
435 1535 461 1574 de
478 1541 567 1574 stercore
585 1536 665 1587 erigens
679 1546 794 1587 pauperem,

57 1599 70 1640 8
84 1600 113 1640 Ut
127 1601 215 1640 collocet
229 1614 277 1640 eum
287 1613 334 1640 cum
344 1600 475 1652 principibus,
491 1613 538 1639 cum
548 1602 672 1652 principibus
681 1599 751 1653 populi
760 1599 795 1649 sui,

57 1665 70 1705 9
85 1665 125 1718 Qui
136 1666 226 1705 habitare
236 1665 283 1705 facit
293 1665 381 1705 sterilem
388 1667 408 1705 in
415 1665 479 1705 domo
487 1671 574 1705 matrem
581 1666 666 1705 filiorum
674 1662 796 1705 laetantem?

52 1772 57 1783 ἱ
84 1731 153 1771 Gloria
167 1732 218 1783 patri
232 1737 252 1771 et
266 1731 307 1770 filio
323 1736 342 1770 et
356 1732 433 1783 spiritui
447 1737 525 1781 sancto,
540 1733 592 1770 sicut
606 1738 649 1771 erat
663 1733 683 1771 in
692 1730 795 1783 principi0‚

29 1785 117 1836 et‘nunc
132 1802 152 1836 et
166 1809 248 1848 semper
262 1802 282 1837 et
296 1798 316 1836 in
330 1796 411 1836 saecula
424 1796 558 1836 saeculorum.
586 1796 661 1837 Amen.

299 1918 310 1944 e
325 1904 392 1955 ⁵lllolm
407 1903 446 1944 116
461 1903 526 1954 [ΗΠ.

58 1969 69 2008 1
84 1970 176 2009 Laudate
185 1971 298 2010 Dominum
313 1983 384 2010 omnes
399 1975 478 2022 gentes,
492 1970 571 2010 laudate
582 1984 629 2010 eum
639 1983 711 2011 omnes
720 1967 794 2022 populi.

57 2033 69 2073 2
84 2034 187 2085 Quoniam
197 2035 316 2074 confirmata
326 2041 357 2075 est
367 2048 429 2086 super
439 2048 476 2075 nos
486 2036 623 2076 misericordia
633 2038 681 2087 eius,
695 2041 716 2076 et
724 2035 795 2074 veritas

84 2100 168 2139 Domini
183 2105 251 2140 manet
265 2101 285 2139 in
300 2106 410 2140 aeternum.

84 2164 154 2204 Gloria
167 2167 220 2216 patri
234 2171 254 2205 et
268 2165 309 2205 filio
323 2171 344 2206 et
358 2167 434 2218 spiritui
448 2171 525 2217 sancto,
541 2167 592 2207 sicut
606 2172 649 2206 erat
663 2168 684 2206 in
693 2164 794 2219 principio,

29 2237 49 2271 et
63 2244 117 2271 nunc
132 2237 152 2270 et
166 2244 247 2283 semper
261 2237 281 2271 et
295 2233 316 2271 in
330 2232 410 2271 saecula
425 2232 557 2273 saeculorum.
585 2232 665 2273 Amen.>

71 2297 123 2347 ulau
138 2296 264 2350 brenbiguug
282 2299 312 2339 bet
326 2296 416 2347 ntatmen
437 2297 483 2340 mich
498 2297 527 2339 eiu
543 2297 636 2351 sictritii
650 2297 688 2341 mit
702 2300 735 2339 beu
750 2297 794 2347 bonu

30 2361 129 2416 gebirigcn
145 2362 215 2413 &lecim
229 2362 345 2416 getuructcn,
359 2362 434 2413 iterant
448 2362 498 2416 iotgt
512 2362 541 2404 ein
556 2362 665 2414 bumana
679 2365 726 2414 urb,
742 2360 794 2408 buret

30 2427 69 2469 tine
84 2427 201 2481 ilntipbonie
216 2427 326 2481 eingeleitet,
341 2431 376 2471 boc
390 2429 538 2481 Magnificat,

267 2537 277 2575 s
288 2536 362 2590 evang.
377 2537 420 2579 luc.
436 2535 456 2588 1,
470 2534 558 2579 46-55.

44 2597 70 2636 4ss
84 2599 202 2652 Magnificat
216 2602 283 2641 anima
297 2615 344 2642 mea
357 2602 478 2642 Dominum.

45 2661 71 2700 47
85 2663 112 2702 Et
126 2665 223 2705 exultavit
237 2667 317 2717 spiritus
332 2680 390 2707 meus
404 2669 425 2707 in
439 2668 487 2708 Deo
501 2667 581 2709 salutari
595 2682 649 2711 meo.
