1665 2922
53 8 783 69 βψς

146 95 197 139 ‘Zeu
211 95 245 131 tet
259 89 428 137 diteticnmulil.
452 89 556 138 Melpeia,
571 85 686 128 titaneien
744 78 783 118 949

56 149 783 178 ,ῤ’-’.ᾐό-

65 229 89 269 48
103 228 154 277 Quia
170 224 255 273 respexit
271 223 398 261 humilitatem
412 222 493 260 ancillae
507 232 561 257 suae:
581 231 627 257 ecce
641 219 693 256 enim
707 229 733 254 ex
746 215 785 252 hoc

102 292 181 329 beatum
195 299 227 323 me
241 286 305 324 dicent
319 298 387 323 omnes
402 285 543 334 generationes.

65 355 89 393 49
103 353 141 402 Qui
154 351 198 388 fecit
212 349 257 386 mihi
272 361 344 398 magna
358 350 390 396 qui
403 353 476 396 potens
490 351 519 383 est
529 350 547 382 et
557 350 646 381 sanctum
656 355 729 380 nomen
739 342 784 379 eius.

65 416 89 456 50
102 416 126 453 Et
140 412 271 451 misericordia
281 413 321 448 eius
331 424 342 447 a
351 411 446 459 progenie
456 410 475 446 in
489 408 593 457 progenies
607 407 719 443 timentibus
734 416 784 441 eum.

65 479 88 519 51
102 478 155 515 Fecit
168 476 276 524 potentiam
286 475 305 510 in
314 473 394 510 brachio
404 484 447 518 suo,
462 471 550 519 dispersit
562 469 659 517 superbos
668 473 733 504 mente
744 479 786 503 cor·

103 541 131 578 dis
145 540 180 577 sui.

65 604 89 642 52
103 602 200 651 Deposuit
213 604 303 649 potentes
317 598 342 636 de
356 598 403 635 sede
418 602 436 634 et
450 596 542 634 exaltavit
556 594 643 632 humiles.

65 666 90 705 53
103 666 214 702 Esurientes
227 662 314 711 implevit
328 661 384 698 bonis
399 666 418 698 et
433 660 500 696 divites
515 658 585 695 dimisit
599 659 670 694 inanes.

66 728 90 767 54
103 727 193 775 Suscepit
203 724 262 763 Israel
275 736 357 773 puerum
371 735 434 770 suum,
449 722 561 759 recordatus
576 716 719 756 misericordiae
734 728 786 762 suae,

66 790 89 829 55
103 790 157 829 Sicut
170 789 246 826 locutus
261 793 290 825 est
304 787 328 824 ad
342 791 406 835 patres
421 790 503 833 nostros,
517 783 618 821 Abraham
633 788 652 819 et
666 780 735 818 semini
746 780 786 815 eius

103 854 122 890 in
135 851 218 889 saecula.

103 914 170 952 Gloria
183 915 233 962 patri
247 918 266 951 et
280 912 318 949 filio
333 917 352 949 et
366 911 438 960 spiritui
452 915 525 957 sancto,
541 910 590 945 sicut
604 912 644 944 erat
656 908 675 944 in
685 905 786 955 principie,

53 984 72 1017 et
85 990 135 1015 nunc
149 982 169 1014 et
182 988 261 1024 semper
275 980 293 1012 et
307 976 325 1011 in
340 974 416 1011 saecula
430 972 557 1009 saeculorum
585 969 657 1007 Amen.

91 1041 137 1090 guin
152 1037 225 1086 eritne
240 1039 310 1077 metten
324 1037 401 1083 mettere
415 1034 538 1075 Drationen
553 1033 626 1084 peteret.

182 1151 200 1191 2.
215 1151 305 1189 Litaniae
318 1152 441 1188 Laurelcmae
455 1149 478 1186 de
492 1148 554 1185 Beata
569 1146 654 1195 Virgine.

92 1225 201 1267 litaneieu
223 1224 260 1270 lint
282 1224 409 1271 abnectietnte
430 1221 567 1272 Mittget'etc,
593 1219 619 1259 bei
641 1217 715 1264 melden
740 1216 787 1256 cinet

54 1289 139 1337 norbetet,
158 1289 195 1327 unt
216 1286 242 1326 tie
263 1288 339 1325 anteon
360 1285 395 1324 mit
413 1288 442 1324 ter
460 1283 594 1331 ffiittiotmet
612 1284 653 1330 (ora
669 1293 706 1330 pro
723 1280 787 1326 nobis,

54 1353 143 1388 miserere
158 1350 219 1397 nobis)
233 1354 347 1396 antidonem
362 1347 384 1394 lie
398 1349 467 1387 metten
482 1358 517 1385 nur
531 1346 577 1384 heim
588 1343 787 1393 Madmittugtgottetz

54 1412 109 1458 tienit
123 1413 243 1464 ingementet

92 1475 127 1516 Die
143 1474 300 1522 [nutetaniidie
314 1473 397 1513 litorei
412 1472 457 1512 mitt
471 1469 636 1517 numennumen
651 1469 751 1520 gelungen3
766 1467 788 1511 lie

54 1540 84 1586 liet
103 1537 153 1584 ibren
168 1538 241 1576 ttamen
259 1548 295 1575 oon
314 1538 342 1575 tet
356 1534 498 1584 institutione
517 1546 538 1583 pt
552 1534 630 1582 tutettt,
649 1530 689 1571 mett
708 1530 734 1569 tie
749 1532 789 1568 tort

53 1601 180 1651 angelramno
200 1598 324 1649 allegoriidien
338 1597 450 1644 finicttliten
470 1599 506 1636 unt
521 1593 609 1636 &emitte
627 1594 646 1634 in
664 1596 697 1633 ten
712 1592 789 1633 {Buten

54 1665 81 1703 tet
95 1662 163 1704 titanei
177 1659 294 1712 autgetrtet
307 1659 351 1708 lint.

91 1726 151 1774 Kyrie
165 1725 246 1762 eleison!
275 1723 350 1761 Christe
364 1724 446 1760 eleisonl
473 1722 533 1771 Kyrie
548 1721 630 1759 eleisonl
654 1719 730 1759 Christe
744 1719 790 1756 audi

53 1789 98 1826 nos!
126 1787 201 1825 Christe
219 1787 289 1825 exaudi
306 1787 350 1823 nos!
378 1787 434 1823 Pater
451 1798 461 1822 e
476 1786 535 1823 coelis
549 1785 604 1822 Deus
618 1785 709 1821 miserere
724 1783 789 1820 nobis!

52 1852 87 1890 Fili
101 1852 213 1899 redemptor
227 1850 293 1887 mundi
303 1850 358 1888 Deus
372 1851 463 1886 miserere
475 1849 543 1886 nobis!
566 1847 648 1896 Spiritus
658 1851 726 1884 sancte
735 1846 791 1883 Deus

53 1917 142 1953 miserere
156 1914 221 1951 nobis!
249 1912 321 1951 Sancta
335 1913 419 1950 Trinitas
434 1925 483 1949 unus
496 1911 550 1949 Deus
565 1912 656 1948 miserere
670 1910 737 1947 nohis!

91 1977 163 2016 Sancta
179 1977 240 2013 Maria
261 1989 295 2014 ora
314 1989 350 2025 pro
368 1976 435 2013 nobis!
463 1974 536 2013 Sancta
553 1975 591 2012 Dei
608 1975 697 2024 genitrix,
719 1972 792 2011 Sancta

52 2041 113 2090 Virgo
133 2041 243 2090 Virginum,
268 2039 330 2077 Mater
350 2039 426 2088 Christi,
448 2039 510 2076 Mater
531 2039 608 2076 diuinae
629 2039 708 2087 gratiae,
730 2037 793 2073 Mater

52 2105 159 2154 purissima,
177 2104 239 2141 Mater
259 2103 372 2152 castissima,
393 2102 456 2140 Mater
474 2102 570 2150 inviolata,
590 2102 652 2139 Mater
671 2102 791 2146 intemerata,

52 2168 114 2205 Mater
128 2167 221 2214 amabilis,
237 2166 299 2203 Mater
313 2165 436 2214 admirabilis,
451 2166 514 2203 Mater
529 2164 633 2212 Creatoris,
648 2165 711 2202 Mater
725 2161 792 2199 Salva-

51 2232 104 2279 toris,
119 2230 181 2280 Virgo
194 2229 350 2280 prudentissima,
368 2229 431 2279 Virgo
446 2228 563 2277 veneranda,
578 2227 640 2276 Virgo
654 2225 792 2275 praedicanda,

51 2293 112 2343 Virgo
130 2299 206 2343 potens,
225 2292 287 2342 Virgo
305 2292 397 2342 clemens,
414 2292 477 2341 Virgo
495 2291 563 2340 fidelis,
581 2289 688 2339 Speculum
702 2289 792 2337 iustitiae,

51 2357 113 2396 Sedes
122 2359 234 2407 sapientiae,
246 2356 309 2394 Causa
318 2361 397 2394 nostrae
406 2356 496 2403 laetitiae,
509 2354 550 2392 Vas
560 2352 663 2402 spirituale,
678 2351 720 2389 Vas
729 2352 793 2390 hono-

51 2421 115 2469 rabile,
136 2421 177 2459 Vas
197 2422 273 2471 insigne
290 2420 406 2469 devotionis,
427 2419 481 2456 Rosa
497 2418 585 2467 mystica,
607 2416 674 2453 Turris
690 2416 793 2466 Davidica,

51 2486 117 2523 Turris
132 2484 223 2532 eburnea,
238 2485 315 2522 Domus
329 2496 392 2531 aurea,
408 2483 502 2520 Foederis
517 2493 565 2529 arca,
586 2480 647 2529 janua
662 2480 718 2529 coeli,
733 2480 795 2520 Stella

50 2549 150 2595 matutina,
170 2546 224 2585 Salus
243 2548 369 2595 infirmorum,
391 2546 495 2595 Reiugium
513 2549 647 2594 peccatorum,
669 2543 795 2585 Consolatrix
