1665 2922
364 102 461 158 beitoge
474 104 495 146 V

46 169 817 186 —--—--——...-....---—

41 239 169 291 afflictorum,
185 239 288 280 Auxilium
303 241 470 293 Christianorum,
485 243 565 295 Regina
582 243 717 296 Angelorum,
737 238 817 292 Regina

41 306 208 357 Patriarcharum,
223 307 303 359 Regina
314 308 468 359 Prophetarum,
478 308 559 361 Regina
568 308 724 362 Apostolorum,
737 304 816 359 Regina

40 372 160 425 Martyrum,
175 374 256 425 Regina
270 374 421 423 Confessorum,
437 374 517 426 Regina
531 374 644 428 Virginum,
662 374 742 426 Regina
757 385 816 414 sanc-

41 444 108 478 torum
123 441 216 480 omnium
231 463 258 470 -
273 455 308 480 ora
322 453 360 493 pro
375 440 445 480 nobisl

83 504 125 546 Ora
142 519 181 558 pro
201 508 261 547 nobis
279 510 321 548 obet
338 507 434 545 miserere
454 507 514 546 nobis
534 506 581 550 miro
596 508 642 558 nod)
657 506 706 558 icoo
720 504 813 559 tingtltten

41 570 146 626 ilntuiung
162 572 279 625 mirbetbolt3
297 572 325 614 bel
340 575 370 613 oet
385 572 523 624 inuiifolilden
539 571 668 626 boetiorum
684 571 731 614 miro
746 579 767 615 et
781 577 812 617 oo:

41 637 78 679 mit
93 638 143 686 nictit
158 637 208 688 stria
223 639 315 692 gebolten.

94 710 159 755 Agnus
174 707 216 755 Dei,
232 707 263 755 qui
279 707 329 744 tollis
344 714 423 755 peccata
438 708 510 757 mundi,
526 719 584 757 parce
598 708 655 745 nobis
670 706 762 746 Dominel

94 763 160 809 Agnus
175 762 217 809 Dei,
232 762 264 810 qui
279 762 329 799 tollis
344 770 424 810 peccata
439 763 512 811 mundi,
528 763 594 801 exaudi
609 775 645 800 nos
660 762 753 801 Domine!

94 819 160 864 Agnus
175 817 218 865 Dei,
233 817 266 865 qui
280 817 331 854 tollis
345 826 425 865 peccata
440 818 512 865 mundi,
528 818 617 855 miserere
631 816 696 855 nobisl

160 955 179 997 3.
195 956 289 996 litaniae
304 956 328 996 de
342 957 455 996 venerabili
470 958 546 997 altaris
560 965 691 998 sacramento.

80 1032 134 1082 Dicit
152 1032 224 1075 titonci
243 1032 289 1074 mito
307 1033 335 1075 bei
353 1037 383 1075 oet
401 1033 526 1089 ltuottellung
545 1037 577 1077 tet
593 1034 762 1080 &atramento
779 1051 808 1093 ge:

38 1098 116 1151 iungen.

80 1166 143 1217 Kyrie
158 1165 245 1206 eleison!
271 1166 350 1206 Christe
366 1167 452 1206 eleison!
478 1167 541 1218 Kyrie
558 1168 644 1208 eleison!
669 1168 748 1210 Christe
762 1171 807 1210 audi

38 1233 85 1271 nosl
116 1231 194 1271 Christe
210 1233 283 1271 exaudi
298 1233 345 1272 nos!
369 1233 428 1272 Pater
442 1232 468 1272 de
483 1233 545 1272 coelis
556 1234 613 1273 Deus
628 1236 725 1275 miserere
739 1236 805 1276 nobisl

38 1298 75 1337 Fili
89 1298 207 1349 redemptor
221 1299 290 1337 mundi
305 1299 362 1338 Deus
377 1299 473 1338 miserere
483 1299 551 1338 nobis!
576 1299 663 1351 Spiritus
672 1307 742 1341 sancte
752 1302 806 1342 Deus

38 1365 134 1403 miserere
149 1364 217 1403 nobis!
247 1363 322 1403 Sancta
336 1364 424 1403 Trinitas
438 1377 491 1403 unus
505 1365 561 1404 Deus
576 1367 672 1406 miserere
686 1368 753 1407 nobis!

79 1429 138 1470 Panis
155 1431 218 1479 vivus,
238 1431 272 1481 qui
290 1431 315 1470 de
334 1430 394 1470 coelo
412 1430 542 1482 descendisti,
562 1431 620 1472 Deus
640 1433 771 1474 absconditus
788 1439 807 1474 et

38 1497 131 1547 salvator,
150 1495 274 1535 frumentum
289 1497 405 1546 electorum,
424 1499 493 1536 vinum
508 1500 624 1550 germinans
638 1502 734 1552 virgines,
750 1502 806 1552 panis

38 1564 126 1615 pinguis,
144 1563 226 1602 deliciae
244 1574 321 1613 regum,
341 1563 388 1614 iuge
407 1563 535 1614 sacrificium,
551 1564 627 1604 oblatio
643 1566 725 1617 munda,
743 1579 806 1619 agnus

38 1630 116 1679 absque
126 1628 211 1678 macula,
227 1641 298 1667 mensa
308 1629 420 1680 purissima,
435 1629 556 1679 angelorum
567 1643 620 1682 esca,
636 1645 711 1671 manna
721 1633 805 1671 abscon·

37 1694 107 1744 ditum,
122 1694 220 1732 memoria
234 1693 356 1732 mirabilium
370 1694 410 1733 Dei
424 1696 487 1746 patris
501 1696 707 1747 supersubstantialis,
721 1697 805 1736 verbum

39 1772 85 1799 caro
101 1759 177 1798 iactum
191 1759 284 1798 habitans
299 1760 319 1797 in
333 1759 399 1810 nobis,
414 1760 482 1799 hostia
496 1766 571 1812 sancta,
587 1761 640 1801 calix
652 1763 804 1813 benedictionis,

38 1826 157 1876 mysterium
175 1824 229 1873 fidei,
246 1824 374 1875 praecelsum
391 1831 411 1864 et
429 1826 544 1865 venerabile
559 1834 714 1879 sacramentum,
733 1827 805 1868 sacrifi-

38 1892 92 1929 cium
107 1892 198 1929 omnium
212 1891 368 1941 sanctissimum,
383 1903 431 1929 vere
444 1892 607 1942 propitiatorium
621 1906 659 1944 pro
673 1896 723 1934 vivis
738 1900 758 1934 et
771 1893 804 1932 de-

36 1956 115 2006 functis,
130 1955 218 1994 coeleste
234 1956 346 1995 antidotum
361 1968 402 2005 quo
417 1968 429 1994 a
443 1958 533 2006 peccatis
547 1970 707 2012 praeservamur,
724 1966 805 2010 stupen-

37 2021 85 2060 dum
109 2033 170 2071 supra
194 2022 263 2060 omnia
287 2021 389 2070 miracula,
414 2023 549 2061 sacratissima
571 2024 686 2065 dominicae
706 2024 804 2078 passionis

37 2087 214 2136 commemoratio,
235 2086 311 2125 donum
325 2086 482 2126 transscendens
497 2100 580 2128 omnem
594 2091 747 2141 plenitudinem,
762 2101 803 2129 me·

37 2150 119 2191 moriale
140 2152 274 2202 praecipuum
296 2151 356 2191 divini
377 2153 459 2203 amoris,
481 2153 558 2194 divinae
580 2155 682 2196 affluentia
702 2155 801 2209 largitatis,

35 2222 189 2256 sacrosanctum
207 2222 226 2256 et
244 2219 409 2269 augustissimum
427 2221 552 2272 mysterium,
570 2222 705 2273 pharmacum
723 2224 803 2262 immor-

35 2283 121 2334 talitatis,
137 2282 264 2322 tremendum
275 2296 299 2322 ac
308 2283 410 2323 vivificum
421 2291 576 2337 sacramentum,
591 2289 649 2339 panis
659 2285 802 2339 omnipotentia

34 2349 91 2387 verbi
105 2361 153 2388 caro
163 2348 232 2398 sactus,
248 2349 374 2389 incruentum
384 2351 511 2403 sacrificium,
521 2351 580 2392 cibus
589 2358 610 2392 et
619 2355 706 2393 conviva
715 2350 803 2393 dulcissi-

35 2426 91 2452 mum
108 2415 232 2462 convivium,
251 2416 284 2454 cui
301 2417 396 2456 assistunt
410 2416 478 2469 angeli
493 2418 635 2471 ministrantes,
655 2422 802 2459 sacramentum

35 2479 121 2529 pietatis,
143 2480 245 2519 vinculum
267 2482 361 2533 caritatis,
384 2482 472 2522 offerens
491 2487 512 2521 et
530 2482 614 2536 oblatio,
635 2484 742 2538 spiritualis
760 2480 802 2522 dul-

35 2543 86 2582 cedo
106 2545 126 2582 in
144 2546 228 2596 proprio
245 2546 301 2586 fonte
318 2546 430 2599 degustata,
453 2547 535 2587 refectio
552 2550 665 2590 animarum
681 2554 800 2596 sanctarum,

34 2607 130 2646 viaticum
144 2609 165 2647 in
179 2609 262 2650 domino
276 2613 411 2664 morientium,
430 2613 505 2665 pignus
520 2614 597 2654 suturae
612 2615 688 2668 gloriae
703 2638 729 2644 —
743 2613 802 2653 mise·

35 2682 77 2709 rere
92 2671 160 2710 nobis!
